@article{meps,
  author =       {AHRQ},
  title =        {Medical Expenditure Panel Survey},
  journal =      {Medical Expenditure Panel Survey},
  url =          {https://meps.ahrq.gov/mepsweb/},
}

@article{buczak_2016,
  author =       {Buczak, Anna L and Baugher, Benjamin and Guven, Erhan and
                  Moniz, Linda and Babin, Steven M. and Chretien, Jean-Paul},
  title =        {Prediction of Peaks of Seasonal Influenza in Military
                  Health-Care Data},
  journal =      {Biomedical Engineering and Computational Biology},
  volume =       {7s2},
  year =         2016,
  DOI =          {10.4137/becb.s36277},
  month =        {Apr},
}

@article{chen_2017,
  author =       {Chen, Min and Hao, Yixue and Hwang, Kai and Wang, Lu and Wang,
                  Lin},
  title =        {Disease Prediction by Machine Learning Over Big Data From
                  Healthcare Communities},
  journal =      {IEEE Access},
  volume =       5,
  pages =        {8869–8879},
  year =         2017,
  DOI =          {10.1109/access.2017.2694446},
  month =        {Apr},
}

@article{ginsberg_2009,
  author =       {Ginsberg, Jeremy and Mohebbi, Matthew H. and Patel, Rajan S.
                  and Brammer, Lynnette and Smolinski, Mark S. and Brilliant,
                  Larry},
  title =        {Detecting influenza epidemics using search engine query data},
  journal =      {Nature},
  volume =       457,
  number =       7232,
  pages =        {1012–1014},
  year =         2009,
  DOI =          {10.1038/nature07634},
  month =        {Feb},
}

@article{cdc,
  author =       {CDC},
  title =        {Influenza (Flu)},
  year =         {2017},
  url =          {https://www.cdc.gov/flu/about/index.html},
  month =        {Oct},
  publisher =    {Centers for Disease Control and Prevention},
}

@article{cdc_interactive,
  author =       {CDC},
  title =        {Influenza (Flu) Interactive Data},
  journal =      {Centers for Disease Control and Prevention},
  year =         2017,
  url =          {http://www.cdc.gov/flu/weekly/fluviewinteractive.htm},
  month =        {Nov},
}

@article{lazer_kennedy_king_vespignani_2014,
  author =       {Lazer, D. and Kennedy, R. and King, G. and Vespignani, A.},
  title =        {The Parable of Google Flu: Traps in Big Data Analysis},
  journal =      {Science},
  volume =       343,
  number =       6176,
  pages =        {1203-1205},
  year =         2014,
  DOI =          {10.1126/science.1248506},
  month =        {Mar},
}

@article{mcgough_brownstein_hawkins_santillana_2017,
  author =       {Mcgough, Sarah F. and Brownstein, John S. and Hawkins, Jared
                  B. and Santillana, Mauricio},
  title =        {Forecasting Zika Incidence in the 2016 Latin America Outbreak
                  Combining Traditional Disease Surveillance with Search, Social
                  Media, and News Report Data},
  journal =      {PLOS Neglected Tropical Diseases},
  volume =       11,
  number =       1,
  year =         2017,
  DOI =          {10.1371/journal.pntd.0005295},
}

@article{rolfes_etal._2017,
  author =       {Rolfes, Melissa A and Foppa, Ivo M and Garg, Shikha and
                  Flannery, Brendan and Brammer, Lynnette and Singleton, James A
                  and Burns, Erin and Jernigan, Daniel and Reed, Carrie and
                  Olsen, Sonja J. and et al.},
  title =        {Estimated influenza illnesses, medical visits,
                  hospitalizations, and deaths averted by vaccination in the
                  United States},
  journal =      {Centers for Disease Control and Prevention},
  year =         2017,
  url =          {https://www.cdc.gov/flu/about/disease/2015-16.htm},
  month =        {Apr},
  publisher =    {Centers for Disease Control and Prevention},
}

@article{santillana_2016,
  author =       {Santillana, M. and Nguyen, A. T. and Louie, T. and Zink, A.
                  and Gray, J. and Sung, I. and Brownstein, J. S.},
  title =        {Cloud-based Electronic Health Records for Real-time,
                  Region-specific Influenza Surveillance},
  journal =      {Scientific Reports},
  volume =       6,
  number =       1,
  year =         2016,
  DOI =          {10.1038/srep25732},
  month =        {May},
}

